%YAML 1.1
%TAG !u! tag:unity3d.com,2011:
--- !u!1 &2303081897588699562
GameObject:
  m_ObjectHideFlags: 0
  m_CorrespondingSourceObject: {fileID: 0}
  m_PrefabInstance: {fileID: 0}
  m_PrefabAsset: {fileID: 0}
  serializedVersion: 6
  m_Component:
  - component: {fileID: 5331384868519789563}
  m_Layer: 0
  m_Name: Floor A
  m_TagString: Untagged
  m_Icon: {fileID: 0}
  m_NavMeshLayer: 0
  m_StaticEditorFlags: 0
  m_IsActive: 1
--- !u!4 &5331384868519789563
Transform:
  m_ObjectHideFlags: 0
  m_CorrespondingSourceObject: {fileID: 0}
  m_PrefabInstance: {fileID: 0}
  m_PrefabAsset: {fileID: 0}
  m_GameObject: {fileID: 2303081897588699562}
  m_LocalRotation: {x: 0, y: 0, z: 0, w: 1}
  m_LocalPosition: {x: 8.739, y: 1.343, z: -2.475}
  m_LocalScale: {x: 1, y: 1, z: 1}
  m_Children:
  - {fileID: 644407879984670121}
  - {fileID: 2734346175177731936}
  - {fileID: 6345748348108061237}
  - {fileID: 5164443372596694123}
  - {fileID: 8706136348634761071}
  - {fileID: 8657082277709104894}
  - {fileID: 2482730618458665082}
  m_Father: {fileID: 0}
  m_RootOrder: 0
  m_LocalEulerAnglesHint: {x: 0, y: 0, z: 0}
--- !u!1001 &1115728256160465474
PrefabInstance:
  m_ObjectHideFlags: 0
  serializedVersion: 2
  m_Modification:
    m_TransformParent: {fileID: 5331384868519789563}
    m_Modifications:
    - target: {fileID: -8679921383154817045, guid: dc90d628418ff44479a8da2125a250f0,
        type: 3}
      propertyPath: m_LocalPosition.x
      value: 0.040999413
      objectReference: {fileID: 0}
    - target: {fileID: -8679921383154817045, guid: dc90d628418ff44479a8da2125a250f0,
        type: 3}
      propertyPath: m_LocalPosition.y
      value: -4.543
      objectReference: {fileID: 0}
    - target: {fileID: -8679921383154817045, guid: dc90d628418ff44479a8da2125a250f0,
        type: 3}
      propertyPath: m_LocalPosition.z
      value: 0.19499993
      objectReference: {fileID: 0}
    - target: {fileID: -8679921383154817045, guid: dc90d628418ff44479a8da2125a250f0,
        type: 3}
      propertyPath: m_LocalRotation.x
      value: -0
      objectReference: {fileID: 0}
    - target: {fileID: -8679921383154817045, guid: dc90d628418ff44479a8da2125a250f0,
        type: 3}
      propertyPath: m_LocalRotation.y
      value: 0.7071068
      objectReference: {fileID: 0}
    - target: {fileID: -8679921383154817045, guid: dc90d628418ff44479a8da2125a250f0,
        type: 3}
      propertyPath: m_LocalRotation.z
      value: 0.7071068
      objectReference: {fileID: 0}
    - target: {fileID: -8679921383154817045, guid: dc90d628418ff44479a8da2125a250f0,
        type: 3}
      propertyPath: m_LocalRotation.w
      value: 0
      objectReference: {fileID: 0}
    - target: {fileID: -8679921383154817045, guid: dc90d628418ff44479a8da2125a250f0,
        type: 3}
      propertyPath: m_RootOrder
      value: 0
      objectReference: {fileID: 0}
    - target: {fileID: -8679921383154817045, guid: dc90d628418ff44479a8da2125a250f0,
        type: 3}
      propertyPath: m_LocalEulerAnglesHint.x
      value: -90.00001
      objectReference: {fileID: 0}
    - target: {fileID: -8679921383154817045, guid: dc90d628418ff44479a8da2125a250f0,
        type: 3}
      propertyPath: m_LocalEulerAnglesHint.y
      value: 0
      objectReference: {fileID: 0}
    - target: {fileID: -8679921383154817045, guid: dc90d628418ff44479a8da2125a250f0,
        type: 3}
      propertyPath: m_LocalEulerAnglesHint.z
      value: 180
      objectReference: {fileID: 0}
    - target: {fileID: -8679921383154817045, guid: dc90d628418ff44479a8da2125a250f0,
        type: 3}
      propertyPath: m_LocalScale.y
      value: 0.1
      objectReference: {fileID: 0}
    - target: {fileID: -8679921383154817045, guid: dc90d628418ff44479a8da2125a250f0,
        type: 3}
      propertyPath: m_LocalScale.z
      value: 0.1
      objectReference: {fileID: 0}
    - target: {fileID: 919132149155446097, guid: dc90d628418ff44479a8da2125a250f0,
        type: 3}
      propertyPath: m_Name
      value: Wall_02
      objectReference: {fileID: 0}
    m_RemovedComponents: []
  m_SourcePrefab: {fileID: 100100000, guid: dc90d628418ff44479a8da2125a250f0, type: 3}
--- !u!4 &644407879984670121 stripped
Transform:
  m_CorrespondingSourceObject: {fileID: -8679921383154817045, guid: dc90d628418ff44479a8da2125a250f0,
    type: 3}
  m_PrefabInstance: {fileID: 1115728256160465474}
  m_PrefabAsset: {fileID: 0}
--- !u!1001 &2483981650704713867
PrefabInstance:
  m_ObjectHideFlags: 0
  serializedVersion: 2
  m_Modification:
    m_TransformParent: {fileID: 5331384868519789563}
    m_Modifications:
    - target: {fileID: -8679921383154817045, guid: fb2e0840827d45941bb41583c0075554,
        type: 3}
      propertyPath: m_LocalPosition.x
      value: 0.0909996
      objectReference: {fileID: 0}
    - target: {fileID: -8679921383154817045, guid: fb2e0840827d45941bb41583c0075554,
        type: 3}
      propertyPath: m_LocalPosition.y
      value: -0.32300007
      objectReference: {fileID: 0}
    - target: {fileID: -8679921383154817045, guid: fb2e0840827d45941bb41583c0075554,
        type: 3}
      propertyPath: m_LocalPosition.z
      value: 0.25499988
      objectReference: {fileID: 0}
    - target: {fileID: -8679921383154817045, guid: fb2e0840827d45941bb41583c0075554,
        type: 3}
      propertyPath: m_LocalRotation.x
      value: -0.7071068
      objectReference: {fileID: 0}
    - target: {fileID: -8679921383154817045, guid: fb2e0840827d45941bb41583c0075554,
        type: 3}
      propertyPath: m_LocalRotation.y
      value: -0
      objectReference: {fileID: 0}
    - target: {fileID: -8679921383154817045, guid: fb2e0840827d45941bb41583c0075554,
        type: 3}
      propertyPath: m_LocalRotation.z
      value: -0
      objectReference: {fileID: 0}
    - target: {fileID: -8679921383154817045, guid: fb2e0840827d45941bb41583c0075554,
        type: 3}
      propertyPath: m_LocalRotation.w
      value: 0.7071068
      objectReference: {fileID: 0}
    - target: {fileID: -8679921383154817045, guid: fb2e0840827d45941bb41583c0075554,
        type: 3}
      propertyPath: m_RootOrder
      value: 1
      objectReference: {fileID: 0}
    - target: {fileID: -8679921383154817045, guid: fb2e0840827d45941bb41583c0075554,
        type: 3}
      propertyPath: m_LocalEulerAnglesHint.x
      value: 0
      objectReference: {fileID: 0}
    - target: {fileID: -8679921383154817045, guid: fb2e0840827d45941bb41583c0075554,
        type: 3}
      propertyPath: m_LocalEulerAnglesHint.y
      value: 0
      objectReference: {fileID: 0}
    - target: {fileID: -8679921383154817045, guid: fb2e0840827d45941bb41583c0075554,
        type: 3}
      propertyPath: m_LocalEulerAnglesHint.z
      value: 0
      objectReference: {fileID: 0}
    - target: {fileID: 919132149155446097, guid: fb2e0840827d45941bb41583c0075554,
        type: 3}
      propertyPath: m_Name
      value: Wall_01
      objectReference: {fileID: 0}
    m_RemovedComponents: []
  m_SourcePrefab: {fileID: 100100000, guid: fb2e0840827d45941bb41583c0075554, type: 3}
--- !u!4 &2734346175177731936 stripped
Transform:
  m_CorrespondingSourceObject: {fileID: -8679921383154817045, guid: fb2e0840827d45941bb41583c0075554,
    type: 3}
  m_PrefabInstance: {fileID: 2483981650704713867}
  m_PrefabAsset: {fileID: 0}
--- !u!1001 &2737862201368614801
PrefabInstance:
  m_ObjectHideFlags: 0
  serializedVersion: 2
  m_Modification:
    m_TransformParent: {fileID: 5331384868519789563}
    m_Modifications:
    - target: {fileID: -8679921383154817045, guid: dc90d628418ff44479a8da2125a250f0,
        type: 3}
      propertyPath: m_LocalPosition.x
      value: 0.040999413
      objectReference: {fileID: 0}
    - target: {fileID: -8679921383154817045, guid: dc90d628418ff44479a8da2125a250f0,
        type: 3}
      propertyPath: m_LocalPosition.y
      value: -8.793
      objectReference: {fileID: 0}
    - target: {fileID: -8679921383154817045, guid: dc90d628418ff44479a8da2125a250f0,
        type: 3}
      propertyPath: m_LocalPosition.z
      value: 0.19499993
      objectReference: {fileID: 0}
    - target: {fileID: -8679921383154817045, guid: dc90d628418ff44479a8da2125a250f0,
        type: 3}
      propertyPath: m_LocalRotation.x
      value: -0.7071068
      objectReference: {fileID: 0}
    - target: {fileID: -8679921383154817045, guid: dc90d628418ff44479a8da2125a250f0,
        type: 3}
      propertyPath: m_LocalRotation.y
      value: -0
      objectReference: {fileID: 0}
    - target: {fileID: -8679921383154817045, guid: dc90d628418ff44479a8da2125a250f0,
        type: 3}
      propertyPath: m_LocalRotation.z
      value: -0
      objectReference: {fileID: 0}
    - target: {fileID: -8679921383154817045, guid: dc90d628418ff44479a8da2125a250f0,
        type: 3}
      propertyPath: m_LocalRotation.w
      value: 0.7071068
      objectReference: {fileID: 0}
    - target: {fileID: -8679921383154817045, guid: dc90d628418ff44479a8da2125a250f0,
        type: 3}
      propertyPath: m_RootOrder
      value: 6
      objectReference: {fileID: 0}
    - target: {fileID: -8679921383154817045, guid: dc90d628418ff44479a8da2125a250f0,
        type: 3}
      propertyPath: m_LocalEulerAnglesHint.x
      value: -90.00001
      objectReference: {fileID: 0}
    - target: {fileID: -8679921383154817045, guid: dc90d628418ff44479a8da2125a250f0,
        type: 3}
      propertyPath: m_LocalEulerAnglesHint.y
      value: 0
      objectReference: {fileID: 0}
    - target: {fileID: -8679921383154817045, guid: dc90d628418ff44479a8da2125a250f0,
        type: 3}
      propertyPath: m_LocalEulerAnglesHint.z
      value: 0
      objectReference: {fileID: 0}
    - target: {fileID: -8679921383154817045, guid: dc90d628418ff44479a8da2125a250f0,
        type: 3}
      propertyPath: m_LocalScale.y
      value: 0.1
      objectReference: {fileID: 0}
    - target: {fileID: -8679921383154817045, guid: dc90d628418ff44479a8da2125a250f0,
        type: 3}
      propertyPath: m_LocalScale.z
      value: 0.1
      objectReference: {fileID: 0}
    - target: {fileID: 919132149155446097, guid: dc90d628418ff44479a8da2125a250f0,
        type: 3}
      propertyPath: m_Name
      value: Wall_02 (1)
      objectReference: {fileID: 0}
    m_RemovedComponents: []
  m_SourcePrefab: {fileID: 100100000, guid: dc90d628418ff44479a8da2125a250f0, type: 3}
--- !u!4 &2482730618458665082 stripped
Transform:
  m_CorrespondingSourceObject: {fileID: -8679921383154817045, guid: dc90d628418ff44479a8da2125a250f0,
    type: 3}
  m_PrefabInstance: {fileID: 2737862201368614801}
  m_PrefabAsset: {fileID: 0}
--- !u!1001 &4621098524896029568
PrefabInstance:
  m_ObjectHideFlags: 0
  serializedVersion: 2
  m_Modification:
    m_TransformParent: {fileID: 5331384868519789563}
    m_Modifications:
    - target: {fileID: -8679921383154817045, guid: 2b3efb13a42435649a2909afb99da7da,
        type: 3}
      propertyPath: m_LocalPosition.x
      value: -3.3890004
      objectReference: {fileID: 0}
    - target: {fileID: -8679921383154817045, guid: 2b3efb13a42435649a2909afb99da7da,
        type: 3}
      propertyPath: m_LocalPosition.y
      value: -0.34300005
      objectReference: {fileID: 0}
    - target: {fileID: -8679921383154817045, guid: 2b3efb13a42435649a2909afb99da7da,
        type: 3}
      propertyPath: m_LocalPosition.z
      value: 1.2849998
      objectReference: {fileID: 0}
    - target: {fileID: -8679921383154817045, guid: 2b3efb13a42435649a2909afb99da7da,
        type: 3}
      propertyPath: m_LocalRotation.x
      value: -0.7071068
      objectReference: {fileID: 0}
    - target: {fileID: -8679921383154817045, guid: 2b3efb13a42435649a2909afb99da7da,
        type: 3}
      propertyPath: m_LocalRotation.y
      value: -0
      objectReference: {fileID: 0}
    - target: {fileID: -8679921383154817045, guid: 2b3efb13a42435649a2909afb99da7da,
        type: 3}
      propertyPath: m_LocalRotation.z
      value: -0
      objectReference: {fileID: 0}
    - target: {fileID: -8679921383154817045, guid: 2b3efb13a42435649a2909afb99da7da,
        type: 3}
      propertyPath: m_LocalRotation.w
      value: 0.7071068
      objectReference: {fileID: 0}
    - target: {fileID: -8679921383154817045, guid: 2b3efb13a42435649a2909afb99da7da,
        type: 3}
      propertyPath: m_RootOrder
      value: 3
      objectReference: {fileID: 0}
    - target: {fileID: -8679921383154817045, guid: 2b3efb13a42435649a2909afb99da7da,
        type: 3}
      propertyPath: m_LocalEulerAnglesHint.x
      value: 0
      objectReference: {fileID: 0}
    - target: {fileID: -8679921383154817045, guid: 2b3efb13a42435649a2909afb99da7da,
        type: 3}
      propertyPath: m_LocalEulerAnglesHint.y
      value: 0
      objectReference: {fileID: 0}
    - target: {fileID: -8679921383154817045, guid: 2b3efb13a42435649a2909afb99da7da,
        type: 3}
      propertyPath: m_LocalEulerAnglesHint.z
      value: 0
      objectReference: {fileID: 0}
    - target: {fileID: -8679921383154817045, guid: 2b3efb13a42435649a2909afb99da7da,
        type: 3}
      propertyPath: m_LocalScale.x
      value: -1
      objectReference: {fileID: 0}
    - target: {fileID: 919132149155446097, guid: 2b3efb13a42435649a2909afb99da7da,
        type: 3}
      propertyPath: m_Name
      value: Floor_02
      objectReference: {fileID: 0}
    m_RemovedComponents: []
  m_SourcePrefab: {fileID: 100100000, guid: 2b3efb13a42435649a2909afb99da7da, type: 3}
--- !u!4 &5164443372596694123 stripped
Transform:
  m_CorrespondingSourceObject: {fileID: -8679921383154817045, guid: 2b3efb13a42435649a2909afb99da7da,
    type: 3}
  m_PrefabInstance: {fileID: 4621098524896029568}
  m_PrefabAsset: {fileID: 0}
--- !u!1001 &6888847155067215326
PrefabInstance:
  m_ObjectHideFlags: 0
  serializedVersion: 2
  m_Modification:
    m_TransformParent: {fileID: 5331384868519789563}
    m_Modifications:
    - target: {fileID: -8679921383154817045, guid: f930c312bb9629e469f91dfe56e113b9,
        type: 3}
      propertyPath: m_LocalPosition.x
      value: -3.3890004
      objectReference: {fileID: 0}
    - target: {fileID: -8679921383154817045, guid: f930c312bb9629e469f91dfe56e113b9,
        type: 3}
      propertyPath: m_LocalPosition.y
      value: -0.34300005
      objectReference: {fileID: 0}
    - target: {fileID: -8679921383154817045, guid: f930c312bb9629e469f91dfe56e113b9,
        type: 3}
      propertyPath: m_LocalPosition.z
      value: -1.105
      objectReference: {fileID: 0}
    - target: {fileID: -8679921383154817045, guid: f930c312bb9629e469f91dfe56e113b9,
        type: 3}
      propertyPath: m_LocalRotation.x
      value: -0
      objectReference: {fileID: 0}
    - target: {fileID: -8679921383154817045, guid: f930c312bb9629e469f91dfe56e113b9,
        type: 3}
      propertyPath: m_LocalRotation.y
      value: 0.7071068
      objectReference: {fileID: 0}
    - target: {fileID: -8679921383154817045, guid: f930c312bb9629e469f91dfe56e113b9,
        type: 3}
      propertyPath: m_LocalRotation.z
      value: 0.7071068
      objectReference: {fileID: 0}
    - target: {fileID: -8679921383154817045, guid: f930c312bb9629e469f91dfe56e113b9,
        type: 3}
      propertyPath: m_LocalRotation.w
      value: 0
      objectReference: {fileID: 0}
    - target: {fileID: -8679921383154817045, guid: f930c312bb9629e469f91dfe56e113b9,
        type: 3}
      propertyPath: m_RootOrder
      value: 2
      objectReference: {fileID: 0}
    - target: {fileID: -8679921383154817045, guid: f930c312bb9629e469f91dfe56e113b9,
        type: 3}
      propertyPath: m_LocalEulerAnglesHint.x
      value: -90.00001
      objectReference: {fileID: 0}
    - target: {fileID: -8679921383154817045, guid: f930c312bb9629e469f91dfe56e113b9,
        type: 3}
      propertyPath: m_LocalEulerAnglesHint.y
      value: 0
      objectReference: {fileID: 0}
    - target: {fileID: -8679921383154817045, guid: f930c312bb9629e469f91dfe56e113b9,
        type: 3}
      propertyPath: m_LocalEulerAnglesHint.z
      value: 180
      objectReference: {fileID: 0}
    - target: {fileID: 919132149155446097, guid: f930c312bb9629e469f91dfe56e113b9,
        type: 3}
      propertyPath: m_Name
      value: Floor_03
      objectReference: {fileID: 0}
    m_RemovedComponents: []
  m_SourcePrefab: {fileID: 100100000, guid: f930c312bb9629e469f91dfe56e113b9, type: 3}
--- !u!4 &6345748348108061237 stripped
Transform:
  m_CorrespondingSourceObject: {fileID: -8679921383154817045, guid: f930c312bb9629e469f91dfe56e113b9,
    type: 3}
  m_PrefabInstance: {fileID: 6888847155067215326}
  m_PrefabAsset: {fileID: 0}
--- !u!1001 &9176314711745011844
PrefabInstance:
  m_ObjectHideFlags: 0
  serializedVersion: 2
  m_Modification:
    m_TransformParent: {fileID: 5331384868519789563}
    m_Modifications:
    - target: {fileID: -8679921383154817045, guid: 7a211cbad05b7fd40a0e3ffc35162563,
        type: 3}
      propertyPath: m_LocalPosition.x
      value: 3.231
      objectReference: {fileID: 0}
    - target: {fileID: -8679921383154817045, guid: 7a211cbad05b7fd40a0e3ffc35162563,
        type: 3}
      propertyPath: m_LocalPosition.y
      value: -0.34302163
      objectReference: {fileID: 0}
    - target: {fileID: -8679921383154817045, guid: 7a211cbad05b7fd40a0e3ffc35162563,
        type: 3}
      propertyPath: m_LocalPosition.z
      value: 1.295
      objectReference: {fileID: 0}
    - target: {fileID: -8679921383154817045, guid: 7a211cbad05b7fd40a0e3ffc35162563,
        type: 3}
      propertyPath: m_LocalRotation.x
      value: -0.7071068
      objectReference: {fileID: 0}
    - target: {fileID: -8679921383154817045, guid: 7a211cbad05b7fd40a0e3ffc35162563,
        type: 3}
      propertyPath: m_LocalRotation.y
      value: -0
      objectReference: {fileID: 0}
    - target: {fileID: -8679921383154817045, guid: 7a211cbad05b7fd40a0e3ffc35162563,
        type: 3}
      propertyPath: m_LocalRotation.z
      value: -0
      objectReference: {fileID: 0}
    - target: {fileID: -8679921383154817045, guid: 7a211cbad05b7fd40a0e3ffc35162563,
        type: 3}
      propertyPath: m_LocalRotation.w
      value: 0.7071068
      objectReference: {fileID: 0}
    - target: {fileID: -8679921383154817045, guid: 7a211cbad05b7fd40a0e3ffc35162563,
        type: 3}
      propertyPath: m_RootOrder
      value: 4
      objectReference: {fileID: 0}
    - target: {fileID: -8679921383154817045, guid: 7a211cbad05b7fd40a0e3ffc35162563,
        type: 3}
      propertyPath: m_LocalEulerAnglesHint.x
      value: 0
      objectReference: {fileID: 0}
    - target: {fileID: -8679921383154817045, guid: 7a211cbad05b7fd40a0e3ffc35162563,
        type: 3}
      propertyPath: m_LocalEulerAnglesHint.y
      value: 0
      objectReference: {fileID: 0}
    - target: {fileID: -8679921383154817045, guid: 7a211cbad05b7fd40a0e3ffc35162563,
        type: 3}
      propertyPath: m_LocalEulerAnglesHint.z
      value: 0
      objectReference: {fileID: 0}
    - target: {fileID: 919132149155446097, guid: 7a211cbad05b7fd40a0e3ffc35162563,
        type: 3}
      propertyPath: m_Name
      value: Floor_01
      objectReference: {fileID: 0}
    m_RemovedComponents: []
  m_SourcePrefab: {fileID: 100100000, guid: 7a211cbad05b7fd40a0e3ffc35162563, type: 3}
--- !u!4 &8706136348634761071 stripped
Transform:
  m_CorrespondingSourceObject: {fileID: -8679921383154817045, guid: 7a211cbad05b7fd40a0e3ffc35162563,
    type: 3}
  m_PrefabInstance: {fileID: 9176314711745011844}
  m_PrefabAsset: {fileID: 0}
--- !u!1001 &9200461562938335509
PrefabInstance:
  m_ObjectHideFlags: 0
  serializedVersion: 2
  m_Modification:
    m_TransformParent: {fileID: 5331384868519789563}
    m_Modifications:
    - target: {fileID: -8679921383154817045, guid: 7a211cbad05b7fd40a0e3ffc35162563,
        type: 3}
      propertyPath: m_LocalPosition.x
      value: 3.2209997
      objectReference: {fileID: 0}
    - target: {fileID: -8679921383154817045, guid: 7a211cbad05b7fd40a0e3ffc35162563,
        type: 3}
      propertyPath: m_LocalPosition.y
      value: -0.34300005
      objectReference: {fileID: 0}
    - target: {fileID: -8679921383154817045, guid: 7a211cbad05b7fd40a0e3ffc35162563,
        type: 3}
      propertyPath: m_LocalPosition.z
      value: -1.1010001
      objectReference: {fileID: 0}
    - target: {fileID: -8679921383154817045, guid: 7a211cbad05b7fd40a0e3ffc35162563,
        type: 3}
      propertyPath: m_LocalRotation.x
      value: -0
      objectReference: {fileID: 0}
    - target: {fileID: -8679921383154817045, guid: 7a211cbad05b7fd40a0e3ffc35162563,
        type: 3}
      propertyPath: m_LocalRotation.y
      value: 0.7071068
      objectReference: {fileID: 0}
    - target: {fileID: -8679921383154817045, guid: 7a211cbad05b7fd40a0e3ffc35162563,
        type: 3}
      propertyPath: m_LocalRotation.z
      value: 0.7071068
      objectReference: {fileID: 0}
    - target: {fileID: -8679921383154817045, guid: 7a211cbad05b7fd40a0e3ffc35162563,
        type: 3}
      propertyPath: m_LocalRotation.w
      value: 0
      objectReference: {fileID: 0}
    - target: {fileID: -8679921383154817045, guid: 7a211cbad05b7fd40a0e3ffc35162563,
        type: 3}
      propertyPath: m_RootOrder
      value: 5
      objectReference: {fileID: 0}
    - target: {fileID: -8679921383154817045, guid: 7a211cbad05b7fd40a0e3ffc35162563,
        type: 3}
      propertyPath: m_LocalEulerAnglesHint.x
      value: -90.00001
      objectReference: {fileID: 0}
    - target: {fileID: -8679921383154817045, guid: 7a211cbad05b7fd40a0e3ffc35162563,
        type: 3}
      propertyPath: m_LocalEulerAnglesHint.y
      value: 180
      objectReference: {fileID: 0}
    - target: {fileID: -8679921383154817045, guid: 7a211cbad05b7fd40a0e3ffc35162563,
        type: 3}
      propertyPath: m_LocalEulerAnglesHint.z
      value: 0
      objectReference: {fileID: 0}
    - target: {fileID: -8679921383154817045, guid: 7a211cbad05b7fd40a0e3ffc35162563,
        type: 3}
      propertyPath: m_LocalScale.x
      value: -1
      objectReference: {fileID: 0}
    - target: {fileID: 919132149155446097, guid: 7a211cbad05b7fd40a0e3ffc35162563,
        type: 3}
      propertyPath: m_Name
      value: Floor_01 (1)
      objectReference: {fileID: 0}
    m_RemovedComponents: []
  m_SourcePrefab: {fileID: 100100000, guid: 7a211cbad05b7fd40a0e3ffc35162563, type: 3}
--- !u!4 &8657082277709104894 stripped
Transform:
  m_CorrespondingSourceObject: {fileID: -8679921383154817045, guid: 7a211cbad05b7fd40a0e3ffc35162563,
    type: 3}
  m_PrefabInstance: {fileID: 9200461562938335509}
  m_PrefabAsset: {fileID: 0}
